{"gre_btc": [{"timestamp": 1500947685, "type": "ask", "amount": 13068.86547669, "price": 2.4e-07, "tid": 118423464}, {"timestamp": 1500947685, "type": "ask", "amount": 10000, "price": 2.4e-07, "tid": 118423463}, {"timestamp": 1500947672, "type": "ask", "amount": 2000, "price": 2.5e-07, "tid": 118423329}, {"timestamp": 1500947654, "type": "ask", "amount": 5505.60142273, "price": 2.6e-07, "tid": 118423221}, {"timestamp": 1500920788, "type": "bid", "amount": 303.33333333, "price": 3.3e-07, "tid": 118294914}, {"timestamp": 1500871114, "type": "bid", "amount": 358, "price": 3.3e-07, "tid": 117879533}, {"timestamp": 1500855298, "type": "bid", "amount": 13333.36055161, "price": 3.3e-07, "tid": 117806241}, {"timestamp": 1500854970, "type": "bid", "amount": 11250, "price": 3.2e-07, "tid": 117804619}, {"timestamp": 1500850034, "type": "ask", "amount": 4166.66666666, "price": 2.5e-07, "tid": 117719439}, {"timestamp": 1500847501, "type": "bid", "amount": 1000, "price": 3.2e-07, "tid": 117676321}, {"timestamp": 1500845808, "type": "bid", "amount": 6250, "price": 3.2e-07, "tid": 117657415}, {"timestamp": 1500831491, "type": "bid", "amount": 500, "price": 3.1e-07, "tid": 117444933}, {"timestamp": 1500831491, "type": "bid", "amount": 339.5508982, "price": 3.1e-07, "tid": 117444932}, {"timestamp": 1500831491, "type": "bid", "amount": 500, "price": 3.1e-07, "tid": 117444931}, {"timestamp": 1500826915, "type": "bid", "amount": 833.45392547, "price": 3e-07, "tid": 117395617}, {"timestamp": 1500826915, "type": "bid", "amount": 5000, "price": 3e-07, "tid": 117395616}, {"timestamp": 1500826915, "type": "bid", "amount": 344.11764, "price": 3e-07, "tid": 117395615}, {"timestamp": 1500826915, "type": "bid", "amount": 500, "price": 3e-07, "tid": 117395614}, {"timestamp": 1500826915, "type": "bid", "amount": 8750, "price": 3e-07, "tid": 117395613}, {"timestamp": 1500826915, "type": "bid", "amount": 3983.00000001, "price": 3e-07, "tid": 117395612}, {"timestamp": 1500826880, "type": "bid", "amount": 11163.89533394, "price": 2.9e-07, "tid": 117395549}, {"timestamp": 1500823056, "type": "ask", "amount": 5194.29761166, "price": 2.5e-07, "tid": 117388488}, {"timestamp": 1500818398, "type": "bid", "amount": 5194.29761166, "price": 2.9e-07, "tid": 117373830}, {"timestamp": 1500817771, "type": "bid", "amount": 25000, "price": 2.9e-07, "tid": 117371787}, {"timestamp": 1500792103, "type": "bid", "amount": 3400, "price": 2.9e-07, "tid": 117248461}, {"timestamp": 1500787731, "type": "bid", "amount": 3400, "price": 2.9e-07, "tid": 117232831}, {"timestamp": 1500761599, "type": "ask", "amount": 500, "price": 2.2e-07, "tid": 117117405}, {"timestamp": 1500655851, "type": "ask", "amount": 110.09133126, "price": 2.3e-07, "tid": 116297192}, {"timestamp": 1500655851, "type": "ask", "amount": 2389.90866874, "price": 2.3e-07, "tid": 116297191}, {"timestamp": 1500654785, "type": "ask", "amount": 5001.39567908, "price": 2.3e-07, "tid": 116292305}, {"timestamp": 1500654761, "type": "ask", "amount": 833.45392547, "price": 2.4e-07, "tid": 116292013}, {"timestamp": 1500654749, "type": "ask", "amount": 1795.63639109, "price": 2.5e-07, "tid": 116291865}, {"timestamp": 1500654749, "type": "ask", "amount": 1163.82095774, "price": 2.6e-07, "tid": 116291864}, {"timestamp": 1500654736, "type": "ask", "amount": 649.06419904, "price": 2.7e-07, "tid": 116291698}, {"timestamp": 1500619213, "type": "ask", "amount": 789, "price": 2.7e-07, "tid": 116171149}, {"timestamp": 1500607846, "type": "ask", "amount": 479.4887918, "price": 2.7e-07, "tid": 116154979}, {"timestamp": 1500582528, "type": "ask", "amount": 3000, "price": 2.7e-07, "tid": 116111728}, {"timestamp": 1500570576, "type": "ask", "amount": 650, "price": 2.7e-07, "tid": 116071783}, {"timestamp": 1500565240, "type": "bid", "amount": 1000, "price": 3e-07, "tid": 116057584}, {"timestamp": 1500550381, "type": "ask", "amount": 714.35714285, "price": 2.7e-07, "tid": 115930790}, {"timestamp": 1500540885, "type": "bid", "amount": 3333.33333333, "price": 3e-07, "tid": 115873953}, {"timestamp": 1500507051, "type": "bid", "amount": 333.66666666, "price": 3e-07, "tid": 115757650}, {"timestamp": 1500497613, "type": "ask", "amount": 2000, "price": 2.7e-07, "tid": 115668306}, {"timestamp": 1500492056, "type": "ask", "amount": 2229.20097742, "price": 2.7e-07, "tid": 115621397}, {"timestamp": 1500489223, "type": "ask", "amount": 600, "price": 2.7e-07, "tid": 115612959}, {"timestamp": 1500482964, "type": "bid", "amount": 1000, "price": 3e-07, "tid": 115589242}, {"timestamp": 1500462446, "type": "bid", "amount": 350, "price": 3e-07, "tid": 115479853}, {"timestamp": 1500433661, "type": "ask", "amount": 1254.83096306, "price": 2.2e-07, "tid": 115376737}, {"timestamp": 1500432799, "type": "ask", "amount": 7419.82998375, "price": 2.2e-07, "tid": 115372760}, {"timestamp": 1500432799, "type": "ask", "amount": 10000, "price": 2.2e-07, "tid": 115372759}, {"timestamp": 1500432799, "type": "ask", "amount": 549.26352545, "price": 2.2e-07, "tid": 115372758}, {"timestamp": 1500432167, "type": "ask", "amount": 1230.60909606, "price": 2.3e-07, "tid": 115369854}, {"timestamp": 1500432167, "type": "ask", "amount": 776.21181307, "price": 2.3e-07, "tid": 115369853}, {"timestamp": 1500431668, "type": "ask", "amount": 2500, "price": 2.4e-07, "tid": 115367137}, {"timestamp": 1500431668, "type": "ask", "amount": 9500, "price": 2.4e-07, "tid": 115367136}, {"timestamp": 1500430416, "type": "ask", "amount": 452.86956522, "price": 2.5e-07, "tid": 115360733}, {"timestamp": 1500430083, "type": "ask", "amount": 10000, "price": 2.6e-07, "tid": 115358792}, {"timestamp": 1500429577, "type": "ask", "amount": 8000, "price": 3e-07, "tid": 115355429}, {"timestamp": 1500425740, "type": "bid", "amount": 2500, "price": 3.2e-07, "tid": 115330187}, {"timestamp": 1500414544, "type": "ask", "amount": 3047.13043478, "price": 2.5e-07, "tid": 115243622}, {"timestamp": 1500409748, "type": "ask", "amount": 454.39728299, "price": 2.3e-07, "tid": 115192247}, {"timestamp": 1500409388, "type": "bid", "amount": 1470.58823529, "price": 3.4e-07, "tid": 115187823}, {"timestamp": 1500406557, "type": "ask", "amount": 4681.34557061, "price": 2.2e-07, "tid": 115156083}, {"timestamp": 1500406557, "type": "ask", "amount": 4545, "price": 2.2e-07, "tid": 115156082}, {"timestamp": 1500406544, "type": "ask", "amount": 773.65442939, "price": 2.3e-07, "tid": 115155862}, {"timestamp": 1500405824, "type": "ask", "amount": 456.95466667, "price": 2.3e-07, "tid": 115145862}, {"timestamp": 1500405432, "type": "bid", "amount": 313.5, "price": 3.3e-07, "tid": 115140314}, {"timestamp": 1500405398, "type": "bid", "amount": 556.45175456, "price": 2.8e-07, "tid": 115139799}, {"timestamp": 1500405371, "type": "bid", "amount": 428.38629208, "price": 2.6e-07, "tid": 115139425}, {"timestamp": 1500405198, "type": "ask", "amount": 5001.63397114, "price": 2.1e-07, "tid": 115137385}, {"timestamp": 1500405044, "type": "ask", "amount": 9893.90258761, "price": 2.1e-07, "tid": 115135080}, {"timestamp": 1500405034, "type": "ask", "amount": 554.39728299, "price": 2.1e-07, "tid": 115134962}, {"timestamp": 1500405016, "type": "ask", "amount": 804.25922348, "price": 2.1e-07, "tid": 115134718}, {"timestamp": 1500405000, "type": "ask", "amount": 3787.48631768, "price": 2.1e-07, "tid": 115134514}, {"timestamp": 1500404886, "type": "ask", "amount": 556.45175456, "price": 2.1e-07, "tid": 115133062}, {"timestamp": 1500404855, "type": "bid", "amount": 2790.89598579, "price": 2.7e-07, "tid": 115132642}, {"timestamp": 1500404771, "type": "ask", "amount": 456.95466667, "price": 2.7e-07, "tid": 115131538}, {"timestamp": 1500404716, "type": "bid", "amount": 10.00101, "price": 2.8e-07, "tid": 115130960}, {"timestamp": 1500404712, "type": "ask", "amount": 230.60909606, "price": 2.8e-07, "tid": 115130918}, {"timestamp": 1500404679, "type": "ask", "amount": 1930.10312707, "price": 3e-07, "tid": 115130373}, {"timestamp": 1500404679, "type": "ask", "amount": 4629.94821587, "price": 3e-07, "tid": 115130372}, {"timestamp": 1500404617, "type": "ask", "amount": 20487, "price": 3e-07, "tid": 115129398}, {"timestamp": 1500404615, "type": "ask", "amount": 10000, "price": 3e-07, "tid": 115129364}, {"timestamp": 1500404605, "type": "ask", "amount": 28503.05370221, "price": 3e-07, "tid": 115129192}, {"timestamp": 1500404585, "type": "ask", "amount": 10944.8818816, "price": 3e-07, "tid": 115128893}, {"timestamp": 1500404579, "type": "ask", "amount": 6406.28409846, "price": 3e-07, "tid": 115128808}, {"timestamp": 1500404551, "type": "ask", "amount": 10000, "price": 3.1e-07, "tid": 115128613}, {"timestamp": 1500404543, "type": "ask", "amount": 1000.54515211, "price": 3.3e-07, "tid": 115128527}, {"timestamp": 1500404508, "type": "ask", "amount": 313.5, "price": 3.3e-07, "tid": 115128000}, {"timestamp": 1500404508, "type": "ask", "amount": 344.11764705, "price": 3.4e-07, "tid": 115127999}, {"timestamp": 1500404502, "type": "bid", "amount": 299.09785035, "price": 3.4e-07, "tid": 115127906}, {"timestamp": 1500404499, "type": "bid", "amount": 1695.37102265, "price": 3.4e-07, "tid": 115127868}, {"timestamp": 1500404497, "type": "bid", "amount": 100.30303303, "price": 3.4e-07, "tid": 115127816}, {"timestamp": 1500404494, "type": "bid", "amount": 10.00101, "price": 3.4e-07, "tid": 115127767}, {"timestamp": 1500404493, "type": "bid", "amount": 10.00101, "price": 3.4e-07, "tid": 115127762}, {"timestamp": 1500404492, "type": "bid", "amount": 100.30303303, "price": 3.4e-07, "tid": 115127742}, {"timestamp": 1500404487, "type": "bid", "amount": 10.00101, "price": 3.4e-07, "tid": 115127669}, {"timestamp": 1500404486, "type": "bid", "amount": 10.00101, "price": 3.5e-07, "tid": 115127660}, {"timestamp": 1500404485, "type": "bid", "amount": 10.00101, "price": 3.5e-07, "tid": 115127641}, {"timestamp": 1500404485, "type": "bid", "amount": 10.00101, "price": 3.5e-07, "tid": 115127637}, {"timestamp": 1500404484, "type": "bid", "amount": 100.30303303, "price": 3.5e-07, "tid": 115127618}, {"timestamp": 1500404482, "type": "bid", "amount": 11.52627515, "price": 3.5e-07, "tid": 115127579}, {"timestamp": 1500404482, "type": "bid", "amount": 88.77675788, "price": 3.5e-07, "tid": 115127578}, {"timestamp": 1500404481, "type": "bid", "amount": 10.00101, "price": 3.5e-07, "tid": 115127568}, {"timestamp": 1500404479, "type": "bid", "amount": 100.30303303, "price": 3.5e-07, "tid": 115127517}, {"timestamp": 1500404475, "type": "bid", "amount": 10.00101, "price": 3.5e-07, "tid": 115127432}, {"timestamp": 1500404475, "type": "bid", "amount": 10.00101, "price": 3.5e-07, "tid": 115127426}, {"timestamp": 1500404475, "type": "bid", "amount": 10.00101, "price": 3.5e-07, "tid": 115127421}, {"timestamp": 1500404475, "type": "bid", "amount": 10.00101, "price": 3.5e-07, "tid": 115127418}, {"timestamp": 1500404474, "type": "bid", "amount": 10.00101, "price": 3.5e-07, "tid": 115127409}, {"timestamp": 1500404472, "type": "bid", "amount": 100.30303303, "price": 3.5e-07, "tid": 115127365}, {"timestamp": 1500404470, "type": "bid", "amount": 100.30303303, "price": 3.5e-07, "tid": 115127334}, {"timestamp": 1500404470, "type": "bid", "amount": 10.00101, "price": 3.5e-07, "tid": 115127328}, {"timestamp": 1500404470, "type": "bid", "amount": 10.00101, "price": 3.5e-07, "tid": 115127325}, {"timestamp": 1500404470, "type": "bid", "amount": 10.00101, "price": 3.5e-07, "tid": 115127322}, {"timestamp": 1500404470, "type": "bid", "amount": 10.00101, "price": 3.5e-07, "tid": 115127318}, {"timestamp": 1500404469, "type": "bid", "amount": 10.00101, "price": 3.5e-07, "tid": 115127308}, {"timestamp": 1500404466, "type": "bid", "amount": 100.30303303, "price": 3.5e-07, "tid": 115127270}, {"timestamp": 1500404466, "type": "bid", "amount": 5000, "price": 3.4e-07, "tid": 115127258}, {"timestamp": 1500404466, "type": "bid", "amount": 5102.36313087, "price": 3.4e-07, "tid": 115127257}, {"timestamp": 1500404466, "type": "bid", "amount": 4000, "price": 3.4e-07, "tid": 115127256}, {"timestamp": 1500404466, "type": "bid", "amount": 38033.87973602, "price": 3.4e-07, "tid": 115127255}, {"timestamp": 1500404466, "type": "bid", "amount": 10000, "price": 3.3e-07, "tid": 115127254}, {"timestamp": 1500404466, "type": "bid", "amount": 320.33888889, "price": 3.3e-07, "tid": 115127253}, {"timestamp": 1500404466, "type": "bid", "amount": 201.09213383, "price": 3.3e-07, "tid": 115127252}, {"timestamp": 1500404464, "type": "bid", "amount": 300, "price": 3.3e-07, "tid": 115127221}, {"timestamp": 1500404463, "type": "bid", "amount": 10.00101, "price": 3.3e-07, "tid": 115127210}, {"timestamp": 1500404463, "type": "bid", "amount": 10.00101, "price": 3.3e-07, "tid": 115127202}, {"timestamp": 1500404463, "type": "bid", "amount": 10.00101, "price": 3.3e-07, "tid": 115127199}, {"timestamp": 1500404462, "type": "bid", "amount": 100.30303303, "price": 3.3e-07, "tid": 115127192}, {"timestamp": 1500404462, "type": "bid", "amount": 10.00101, "price": 3.3e-07, "tid": 115127189}, {"timestamp": 1500404462, "type": "bid", "amount": 10.00101, "price": 3.3e-07, "tid": 115127178}, {"timestamp": 1500404459, "type": "bid", "amount": 100.30303303, "price": 3.3e-07, "tid": 115127125}, {"timestamp": 1500404457, "type": "bid", "amount": 10.00101, "price": 3.3e-07, "tid": 115127110}, {"timestamp": 1500404456, "type": "bid", "amount": 10.00101, "price": 3.3e-07, "tid": 115127107}, {"timestamp": 1500404456, "type": "bid", "amount": 10.00101, "price": 3.3e-07, "tid": 115127105}, {"timestamp": 1500404456, "type": "bid", "amount": 10.00101, "price": 3.3e-07, "tid": 115127101}, {"timestamp": 1500404455, "type": "bid", "amount": 10.00101, "price": 3.3e-07, "tid": 115127095}, {"timestamp": 1500404453, "type": "bid", "amount": 100.30303303, "price": 3.3e-07, "tid": 115127053}, {"timestamp": 1500404452, "type": "bid", "amount": 10.00101, "price": 3.3e-07, "tid": 115127025}, {"timestamp": 1500404451, "type": "bid", "amount": 10.00101, "price": 3.3e-07, "tid": 115127021}, {"timestamp": 1500404451, "type": "bid", "amount": 100.30303303, "price": 3.3e-07, "tid": 115127018}, {"timestamp": 1500404451, "type": "bid", "amount": 10.00101, "price": 3.3e-07, "tid": 115127014}, {"timestamp": 1500404451, "type": "bid", "amount": 10.00101, "price": 3.3e-07, "tid": 115127012}, {"timestamp": 1500404451, "type": "bid", "amount": 10.00101, "price": 3.3e-07, "tid": 115127007}, {"timestamp": 1500404450, "type": "bid", "amount": 430.96335739, "price": 3.3e-07, "tid": 115126994}, {"timestamp": 1500404450, "type": "bid", "amount": 256.83982411, "price": 3.2e-07, "tid": 115126993}, {"timestamp": 1500404450, "type": "bid", "amount": 100.30303303, "price": 3.2e-07, "tid": 115126990}, {"timestamp": 1500404448, "type": "bid", "amount": 100.30303303, "price": 3.3e-07, "tid": 115126964}, {"timestamp": 1500404447, "type": "bid", "amount": 100.30303303, "price": 3.3e-07, "tid": 115126932}]}